<?xml version="1.0" encoding="UTF-8"?><record xmlns="http://www.loc.gov/MARC21/slim" xmlns:cinclude="http://apache.org/cocoon/include/1.0" xmlns:zs="http://www.loc.gov/zing/srw/">
  <leader>00345cz  a2200121n  4500</leader>
  <controlfield tag="001">n  91089351 </controlfield>
  <controlfield tag="003">DLC</controlfield>
  <controlfield tag="005">19910906092857.9</controlfield>
  <controlfield tag="008">910904n| acannaab|          |n aaa |||  </controlfield>
  <datafield tag="010" ind1=" " ind2=" ">
    <subfield code="a">n  91089351 </subfield>
  </datafield>
  <datafield tag="040" ind1=" " ind2=" ">
    <subfield code="a">DLC</subfield>
    <subfield code="c">DLC</subfield>
    <subfield code="d">DLC</subfield>
  </datafield>
  <datafield tag="100" ind1="1" ind2="0">
    <subfield code="a">Peters, Hugo,</subfield>
    <subfield code="d">1911-</subfield>
  </datafield>
  <datafield tag="670" ind1=" " ind2=" ">
    <subfield code="a">His Hugo Peters, c1990:</subfield>
    <subfield code="b">p. 165, etc. (b. 1-6-11 in DuĚren am Niederrhein; artist)</subfield>
  </datafield>
</record>